@article{Biro2006,
author = {Biro, D. and Sumpter, D. J. T. and Meade, J. and Guilford, T.},
doi = {10.1016/j.cub.2006.08.087},
issn = {0960-9822},
journal = {Curr. Biol. : CB},
keywords = {Animal Migration,Animals,Columbidae,Columbidae: physiology,Decision Making,Flight, Animal,Homing Behavior,Models, Biological,Orientation,Social Behavior,Social Dominance},
month = nov,
number = {21},
pages = {2123--2128},
pmid = {17084696},
title = {From compromise to leadership in pigeon homing},
url = {http://www.ncbi.nlm.nih.gov/pubmed/17084696},
volume = {16},
year = {2006}
}
@article{Nagy2010,
author = {Nagy, M. and Akos, Z. and Biro, D. and Vicsek, T.},
doi = {10.1038/nature08891},
issn = {1476-4687},
journal = {Nature},
month = {April},
number = {7290},
pages = {890--893},
pmid = {20376149},
title = {Hierarchical group dynamics in pigeon flocks},
url = {http://www.ncbi.nlm.nih.gov/pubmed/20376149},
volume = {464},
year = {2010}
}
@article{Ballerini2008,
author = {Ballerini, M. and Cabibbo, N. and Candelier, R. and Cavagna, A. and Cisbani, E. and Giardina, I. and Lecomte, V. and Orlandi, A. and Parisi, G. and Procaccini, A. and Viale, M. and Zdravkovic, V.},
doi = {10.1073/pnas.0711437105},
journal = {PNAS},
number = {4},
pages = {1232--1237},
title = {Interaction ruling animal collective behavior depends on topological rather than metric distance: Evidence from a field study},
url = {http://www.pnas.org/content/105/4/1232.short},
volume = {105},
year = {2008}
}
@article{Becco2006,
author = {Becco, Ch. and Vandewalle, N. and Delcourt, J. and Poncin, P.},
doi = {10.1016/j.physa.2005.11.041},
issn = {03784371},
journal = {Physica A},
keywords = {1,2,3,decisions often depend on,group members,how individual behaviours lead,however,in which making movement,multi-tracking,numerous fish species are,observed to form schools,open,phase transition,previous studies addressed the,problem of those,school-behaviour,several relevant questions remain,structures,the social interaction among,to a complex collective},
month = jul,
pages = {487--493},
title = {Experimental evidences of a structural and dynamical transition in fish school},
url = {http://linkinghub.elsevier.com/retrieve/pii/S0378437105012689},
volume = {367},
year = {2006}
}
@article{Makris2006,
author = {Makris, N. C. and Ratilal, P. and Symonds, D. T. and Jagannathan, S. and Lee, S. and Nero, R. W.},
doi = {10.1126/science.1121756},
issn = {1095-9203},
journal = {Science},
month = feb,
number = {5761},
pages = {660--663},
pmid = {16456080},
title = {Fish population and behavior revealed by instantaneous continental shelf-scale imaging},
url = {http://www.ncbi.nlm.nih.gov/pubmed/16456080},
volume = {311},
year = {2006}
}
@article{Helbing2000a,
author = {Helbing, D. and Farkas, I. and Vicsek, T.},
doi = {10.1038/35035023},
issn = {0028-0836},
journal = {Nature},
keywords = {Computer Simulation,Crowding,Emergencies,Escape Reaction,Humans,Models, Biological,Panic},
month = sep,
number = {6803},
pages = {487--490},
pmid = {11028994},
title = {Simulating dynamical features of escape panic},
url = {http://www.ncbi.nlm.nih.gov/pubmed/11028994},
volume = {407},
year = {2000}
}
@article{Czirok1996,
author = {Czir\'{o}k, A. and Ben-Jacob, E. and Cohen, I. and Vicsek, T.},
doi = {10.1103/PhysRevE.54.1791},
issn = {1063-651X},
journal = {Phys. Rev. E},
month = aug,
number = {2},
pages = {1791--1801},
pmid = {9965259},
title = {Formation of complex bacterial colonies via self-generated vortices},
url = {http://www.ncbi.nlm.nih.gov/pubmed/9965259},
volume = {54},
year = {1996}
}
@article{peruani2012,
author = {Peruani, F. and Starru{\ss}, J. and Jakovljevic, V. and S{\o}gaard-Andersen, L. and Deutsch, A. and B{\"a}r, M.},
doi = {10.1103/PhysRevLett.108.098102},
issn = {0031-9007},
journal = {Phys. Rev. Lett.},
month = {Feb},
number = {9},
pages = {098102},
title = {Collective Motion and Nonequilibrium Cluster Formation in Colonies of Gliding Bacteria},
volume = {108},
numpages = {5},
publisher = {American Physical Society},
year = {2012}
}
@article{Narayan2007,
author = {Narayan, V. and Ramaswamy, S. and Menon, N.},
doi = {10.1126/science.1140414},
journal = {Science},
number = {5834},
pages = {105--108},
title = {Long-lived giant number fluctuations in a swarming granular nematic},
volume = {317},
year = {2007}
}
@article{Baker2010,
author = {Baker, J. and Kudrolli, A.},
doi = {10.1103/PhysRevE.82.061304},
issn = {1539-3755},
journal = {Phys. Rev. E},
month = dec,
number = {6},
pages = {061304},
title = {Maximum and minimum stable random packings of Platonic solids},
volume = {82},
year = {2010}
}
@article{Vicsek2012,
author = {Vicsek, T. and Zafeiris, A.},
doi = {10.1016/j.physrep.2012.03.004},
issn = {03701573},
journal = {Phys. Rep.},
month = aug,
number = {3-4},
pages = {71--140},
title = {Collective motion},
volume = {517},
year = {2012}
}
@article{Marchetti,
author = {Marchetti, M. C. and Joanny, J. F. and Ramaswamy, S. and Liverpool, T. B. and Prost, J. and Rao, M. and Aditi, R.},
doi = {10.1103/RevModPhys.85.1143},
journal = {Rev. Mod. Phys.},
number = {3},
pages = {1143--1189},
title = {Hydrodynamics of soft active matter},
volume = {85},
year = {2013}
}
@article{Vicsek1995,
author = {Vicsek, T. and Czir\'{o}k, A. and Ben-Jacob, E. and Cohen, I. and Shochet, O.},
doi = {10.1103/PhysRevLett.75.1226},
journal = {Phys. Rev. Lett.},
number = {6},
pages = {1226--1229},
title = {Novel type of phase transition in a system of self-driven particles},
volume = {75},
year = {1995}
}
@article{Toner1995,
author = {Toner, J. and Tu, Y.},
doi = {10.1103/PhysRevLett.75.4326},
journal = {Phys. Rev. Lett.},
number = {23},
pages = {4326--4329},
title = {Long-range order in a two-dimensional dynamical XY model: how birds fly together},
volume = {75},
year = {1995}
}
@article{Toner1998,
author = {Toner, J. and Tu, Y.},
doi = {10.1103/PhysRevE.58.4828},
journal = {Phys. Rev. E},
number = {4},
pages = {4828},
title = {Flocks, herds, and schools: A quantitative theory of flocking},
volume = {58},
year = {1998}
}
@article{Baskaran2008a,
author = {Baskaran, A. and Marchetti, M. C.},
doi = {10.1103/PhysRevE.77.011920},
journal = {Phys. Rev. E},
number = {1},
pages = {011920},
title = {Hydrodynamics of self-propelled hard rods},
volume = {77},
year = {2008}
}
@article{Farrell2012,
author = {Farrell, F. D. C. and Marchetti, M. C. and Marenduzzo, D. and Tailleur, J.},
doi = {10.1103/PhysRevLett.108.248101},
journal = {Phys. Rev. Lett.},
volume = {108},
number = {24},
pages = {248101},
title = {Pattern formation in self-propelled particles with density-dependent motility},
year = {2012}
}
@article{Shimoyama1996,
author = {Shimoyama, N. and Sugawara, K. and Mizuguchi, T. and Hayakawa, Y. and Sano, M.},
doi = {10.1103/PhysRevLett.76.3870},
issn = {1079-7114},
journal = {Phys. Rev. Lett.},
month = may,
number = {20},
pages = {3870--3873},
pmid = {10061130},
title = {Collective motion in a system of motile elements},
volume = {76},
year = {1996}
}
@article{McCandlish2012,
author = {McCandlish, S. R. and Baskaran, A. and Hagan, M. F.},
doi = {10.1039/C2SM06960A},
journal = {Soft Matter},
number = {8},
pages = {2527--2534},
title = {Spontaneous segregation of self-propelled particles with different motilities},
volume = {8},
year = {2012}
}
@article{Chate2008a,
author = {Chat\'{e}, H. and Ginelli, F. and Gr\'{e}goire, G., Peruani F. and Raynaud, F.},
doi = {10.1140/epjb/e2008-00275-9},
journal = {EPJ B},
pages = {451--456},
title = {Modeling collective motion: variations on the Vicsek model},
volume = {64},
number = {3},
year = {2008}
}
@article{romanczuk2011brownian,
  title={Brownian motion with active fluctuations},
  author={Romanczuk, P. and Schimansky-Geier, L.},
  doi = {10.1103/PhysRevLett.106.230601},
  journal={Phys. Rev. Lett.},
  volume={106},
  number={23},
  pages={230601},
  year={2011},
  publisher={APS}
}
@article{romanczuk2012mean,
  title = {Mean-field theory of collective motion due to velocity alignment },
  author = {Pawel Romanczuk and Lutz Schimansky-Geier},
  journal = {Ecol. Complex.},
  volume = {10},
  pages = {83 - 92},
  year = {2012},
  doi = {10.1016/j.ecocom.2011.07.008},
  publisher={Elsevier},
  note = {From spatially explicit population models to mean-field dynamics},
  issn = {1476-945X}
}
@article{Ordemann2003,
author = {Ordemann, A. and Balazsi, G. and Moss, F.},
doi = {10.1016/S0378-4371(03)00204-8},
issn = {03784371},
journal = {Physica A},
keywords = {self-organization,swarming,vortex,zooplankton},
month = jul,
number = {1-2},
pages = {260--266},
title = {Pattern formation and stochastic motion of the zooplankton Daphnia in a light field},
volume = {325},
year = {2003}
}
@article{Schaller2010,
author = {Schaller, V. and Weber, C. and Semmrich, C. and Frey, E. and Bausch, A. R.},
doi = {10.1038/nature09312},
issn = {1476-4687},
journal = {Nature},
month = sep,
number = {7311},
pages = {73--77},
pmid = {20811454},
publisher = {Nature Publishing Group},
title = {Polar patterns of driven filaments},
volume = {467},
year = {2010}
}
@article{Blair2008,
author = {Blair, D. L. and Neicu, T. and Kudrolli, A.},
journal = {Phys. Rev. E},
title = {Vortices in vibrated granular rods},
volume = {67},
number = {3},
pages = {031303},
doi = {10.1103/PhysRevE.67.031303},
year = {2003}
}
@article{Kudrolli2008,
author = {Kudrolli, A. and Lumay, G. and Volfson, D. and Tsimring, L. S.},
journal = {Phys. Rev. Lett.},
volume = {100},
number = {5},
pages = {058001},
title = {Swarming and swirling in self-propelled polar granular rods},
doi = {10.1103/PhysRevLett.100.058001},
year = {2008}
}
@article{Bricard2013,
author = {Bricard, A. and Caussin, J. B. and Desreumaux, N. and Dauchot, O. and Bartolo, D.},
doi = {10.1038/nature12673},
issn = {0028-0836},
journal = {Nature},
month = nov,
number = {7474},
pages = {95--98},
publisher = {Nature Publishing Group},
title = {Emergence of macroscopic directed motion in populations of motile colloids},
volume = {503},
year = {2013}
}
@article{Cisneros2011,
author = {Cisneros, L. H. and Kessler, J. O. and Ganguly, S. and Goldstein, R. E.},
doi = {10.1103/PhysRevE.83.061907},
issn = {1539-3755},
journal = {Phys. Rev. E},
month = jun,
number = {6},
pages = {061907},
title = {Dynamics of swimming bacteria: transition to directional order at high concentration},
volume = {83},
year = {2011}
}
@article{Dunkel2013,
author = {Dunkel, J. and Heidenreich, S. and Drescher, K. and Wensink, H. H. and B{\"a}r, M. and Goldstein, R. E.},
doi = {10.1103/PhysRevLett.110.228102},
issn = {0031-9007},
journal = {Phys. Rev. Lett.},
mendeley-groups = {swimers flocking/emperical},
month = may,
number = {22},
pages = {228102},
title = {Fluid Dynamics of Bacterial Turbulence},
volume = {110},
year = {2013}
}
@article{DOrsogna2006,
author = {D’Orsogna, M. R. and Chuang, Y. L. and Bertozzi, A. L. and Chayes, L. S.},
doi = {10.1103/PhysRevLett.96.104302},
issn = {0031-9007},
journal = {Phys. Rev. Lett.},
month = mar,
number = {10},
pages = {104302},
title = {Self-Propelled Particles with Soft-Core Interactions: Patterns, Stability, and Collapse},
volume = {96},
year = {2006}
}
@article{Sumino2012,
author = {Sumino, Y. and Nagai, K. H. and Shitaka, Y. and Tanaka, D. and Yoshikawa, K. and Chat\'{e}, H. and Oiwa, K.},
doi = {10.1038/nature10874},
issn = {1476-4687},
journal = {Nature},
keywords = {Animals,Chlamydomonas,Dyneins,Dyneins: metabolism,Flagella,Microtubules,Microtubules: metabolism,Models, Biological,Movement},
month = mar,
number = {7390},
pages = {448--52},
pmid = {22437613},
title = {Large-scale vortex lattice emerging from collectively moving microtubules},
volume = {483},
year = {2012}
}
@article{Grossmann2014,
author = {Gro{\ss}mann, Robert and Romanczuk, Pawel and B{\"a}r, Markus and Schimansky-Geier, Lutz},
doi = {10.1103/PhysRevLett.113.258104},
journal = {Phys. Rev. Lett.},
mendeley-groups = {swimers flocking/SPP},
number = {25},
pages = {258104},
title = {Vortex Arrays and Mesoscale Turbulence of Self-Propelled Particles},
volume = {113},
year = {2014}
}

@article{Nagai2015,
author = {Nagai, K. H. and Sumino, Y. and Montagne, R. and Aranson, I. S. and Chat\'{e}, H.},
doi = {10.1103/PhysRevLett.114.168001},
issn = {0031-9007},
journal = {Phys. Rev. Lett.},
mendeley-groups = {swimers flocking/SPP},
number = {16},
pages = {168001},
title = {Collective Motion of Self-Propelled Particles with Memory},
volume = {114},
year = {2015}
}
@article{Surrey1997,
author = {Ndlec, F. J. and Surrey, T. and Maggs, A. C. and Leibler, S.},
journal = {Nature},
number = {September},
pages = {305--308},
title = {Self-organization of microtubules and motors},
doi = {10.1038/38532},
volume = {389},
year = {1997}
}
@article{Y.LimonDuparcmeur1995,
author = {Limon Duparcmeur, Y. and Herrmann H. and Troadec, J. P.},
doi = {dx.doi.org/10.1051/jp1:1995185},
journal = {J. Phys. I France},
number = {9},
pages = {1119 -- 1128},
title = {Spontaneous formation of vortex in a system of self motorised particles},
volume = {5},
year = {1995}
}
@article{Grossman2008,
author = {Grossman, D. and Aranson, I. S. and Ben Jacob, E.},
doi = {10.1088/1367-2630/10/2/023036},
issn = {1367-2630},
journal = {New J. Phys.},
mendeley-groups = {swimers flocking/SPP},
month = feb,
number = {2},
pages = {023036},
title = {Emergence of agent swarm migration and vortex formation through inelastic collisions},
volume = {10},
year = {2008}
}
@article{Bricard2015,
author = {Bricard, A. and Caussin, J. B. and Das, D. and Savoie, C. and Chikkadi, V. and Shitara, K. and Chepizhko, O. and Peruani, F. and Saintillan, D. and Bartolo, D.},
doi = {10.1038/ncomms8470},
issn = {2041-1723},
journal = {Nat. Commun.},
mendeley-groups = {swimers flocking/emperical},
number = {7470},
pages = {1--8},
publisher = {Nature Publishing Group},
title = {Emergent vortices in populations of colloidal rollers},
volume = {6},
year = {2015}
}
@article{Dean1996,
author = {Dean, D. S.},
journal = {J. Phys. A},
keywords = {brownian motion,hydrodynamics,stochastic processes},
volume = {29},
number = {24},
title = {Langevin equation for the density of a system of interacting Langevin processes},
doi = {10.1016/0031-8914(74)90198-0},
year = {1996}
}
@article{Toner2005,
author = {Toner, J. and Tu, Y. and Ramaswamy, S.},
doi = {10.1016/j.aop.2005.04.011},
issn = {00034916},
journal = {Ann. Phys.},
month = jul,
number = {1},
pages = {170--244},
title = {Hydrodynamics and phases of flocks},
volume = {318},
year = {2005}
}
@article{Bertin2006,
author = {Bertin, E. and Droz, M. and Gr\'{e}goire, G.},
doi = {10.1103/PhysRevE.74.022101},
issn = {1539-3755},
journal = {Phys. Rev. E},
month = aug,
number = {2},
pages = {022101},
title = {Boltzmann and hydrodynamic description for self-propelled particles},
volume = {74},
year = {2006}
}
@incollection{uecker2009short,
  author      = "Uecker, H.",
  title       = "A short ad hoc introduction to spectral methods for parabolic PDE and the Navier–Stokes equations, in Modern Computational Science",
  editor      = "Leidl, R. and Hartmann, A.",
  booktitle   = "Modern Computational Science",
  publisher   = "BIS Verlag, Oldenburg",
  year        = 2009,
  volume      = "09",
  pages       = "169-212"
}
@book{canuto1993spectral,
  title={Spectral Methods in Fluid Dynamics},
  author={Canuto, C. and Hussaini, M.Y. and Quarteroni, A.M. and Thomas, A. and Zang, Jr.},
  isbn={9783540522058},
  lccn={93234633},
  series={Scientific Computation},
  url={https://books.google.de/books?id=EFF4NAEACAAJ},
  year={1993},
  publisher={Springer Berlin Heidelberg}
}
@article{longtin2010stochastic,
  title={Stochastic dynamical systems},
  author={Longtin, A.},
  journal={Scholarpedia},
  volume={5},
  number={4},
  pages={1619},
  url = {http://scholarpedia.org/article/Stochastic_dynamical_systems},
  note = {revision 91828},
  year={2010}
}
@article{Gregoire2004,
author = {Gr\'{e}goire, G. and Chat\'{e}, H.},
doi = {10.1103/PhysRevLett.92.025702},
issn = {0031-9007},
journal = {Phys. Rev. Lett.},
month = jan,
number = {2},
pages = {025702},
title = {Onset of Collective and Cohesive Motion},
volume = {92},
year = {2004}
}
@article{Chate2008,
author = {Chat\'{e}, H. and Ginelli, F. and Gr\'{e}goire, G. and Raynaud, F.},
doi = {10.1103/PhysRevE.77.046113},
issn = {1539-3755},
journal = {Phys. Rev. E},
month = apr,
number = {4},
pages = {046113},
title = {Collective motion of self-propelled particles interacting without cohesion},
volume = {77},
year = {2008}
}
@article{Bertin2009,
author = {Bertin, E. and Droz, M. and Gr\'{e}goire, G.},
journal = {J. Phys. A},
number = {44},
pages = {445001},
title = {Hydrodynamic equations for self-propelled particles: microscopic derivation and stability analysis},
doi = {10.1088/1751-8113/42/44/445001},
volume = {42},
year = {2009}
}
@article{Tailleur2008,
author = {Tailleur, J. and Cates, M. E.},
doi = {10.1103/PhysRevLett.100.218103},
issn = {0031-9007},
journal = {Phys. Rev. Lett.},
mendeley-groups = {swimers flocking},
month = may,
number = {21},
pages = {218103},
title = {{Statistical Mechanics of Interacting Run-and-Tumble Bacteria}},
volume = {100},
year = {2008}
}
@article{Solon2015,
author = {Solon, A. P. and Fily, Y. and Baskaran, A. and Cates, M. E. and Kafri, Y. and Kardar, M. and Tailleur, J.},
doi = {10.1038/nphys3377},
issn = {1745-2473},
journal = {Nat. Phys.},
mendeley-groups = {swimers flocking/SPP},
pages = {673--678},
title = {{Pressure is not a state function for generic active fluids}},
volume = {11},
year = {2015}
}
@article{caussin2014,
  title = {Emergent Spatial Structures in Flocking Models: A Dynamical System Insight},
  author = {Caussin, Jean-Baptiste and Solon, Alexandre and Peshkov, Anton and Chat\'{e}, Hugues and Dauxois, Thierry and Tailleur, Julien and Vitelli, Vincenzo and Bartolo, Denis},
  journal = {Phys. Rev. Lett.},
  volume = {112},
  issue = {14},
  pages = {148102},
  numpages = {5},
  year = {2014},
  month = {Apr},
  publisher = {American Physical Society},
  doi = {10.1103/PhysRevLett.112.148102}
}
@article{sonnenschein2013approximate,
  title={Approximate solution to the stochastic Kuramoto model},
  author={Sonnenschein, B. and Schimansky-Geier, L.},
  journal={Phys. Rev. E},
  volume={88},
  number={5},
  pages={052111},
  year={2013},
  doi = {10.1103/PhysRevE.88.052111},
  publisher={APS}
}
@article{sonnenschein2013excitable,
  title={Excitable elements controlled by noise and network structure},
  author={Sonnenschein, Bernard and Zaks, Michael A and Neiman, Alexander B and Schimansky-Geier, Lutz},
  journal={EPJ ST},
  volume={222},
  number={10},
  pages={2517--2529},
  year={2013},
  publisher={Springer}
}
@article{Ohta2009,
author = {Ohta, Takao and Ohkuma, Takahiro},
journal = {Phys. Rev. Lett.},
number = {15},
pages = {154101--154105},
title = {{Deformable self-propelled particles}},
volume = {102},
doi = {10.1103/PhysRevLett.102.154101},
year = {2009}
}
@article{Sandoval2014,
author = {Sandoval, Mario and Dagdug, Leornardo},
doi = {10.1103/PhysRevE.90.062711},
issn = {1539-3755},
journal = {Phys. Rev. E},
month = {dec},
number = {6},
pages = {062711},
title = {{Effective diffusion of confined active Brownian swimmers}},
volume = {90},
year = {2014}
}
@article{Czirok1997,
author = {Czir{\'{o}}k, A and Stanley, HE and Vicsek, T},
journal = {J. Phys. A.},
mendeley-groups = {swimers flocking/SPP},
number = {5},
pages = {1375--1385},
title = {{Spontaneously ordered motion of self-propelled particles}},
doi = {10.1088/0305-4470/30/5/009},
volume = {30},
year = {1997}
}
@article{ihle2011kinetic,
  title = {Kinetic theory of flocking: Derivation of hydrodynamic equations},
  author = {Ihle, Thomas},
  journal = {Phys. Rev. E},
  volume = {83},
  issue = {3},
  pages = {030901},
  numpages = {4},
  year = {2011},
  month = {Mar},
  publisher = {American Physical Society},
  doi = {10.1103/PhysRevE.83.030901}
}
@article{Peshkov2012,
author = {Peshkov, Anton and Aranson, Igor S. and Bertin, Eric and Chat\'e, Hugues and Ginelli, Francesco},
doi = {10.1103/PhysRevLett.109.268701},
issn = {00319007},
journal = {Phys. Rev. Lett.},
number = {26},
pages = {268701--5},
title = {{Nonlinear field equations for aligning self-propelled rods}},
volume = {109},
year = {2012}
}
@article{Peshkov2012continuous,
author = {Peshkov, Anton and Ngo, Sandrine and Bertin, Eric and Chat\'e, Hugues and Ginelli, Francesco},
doi = {10.1103/PhysRevLett.109.098101},
issn = {00319007},
journal = {Phys. Rev. Lett.},
number = {9},
pages = {098101},
title = {{Continuous theory of active matter systems with metric-free interactions}},
volume = {109},
year = {2012}
}
@article{Yang2015,
  title = {Hydrodynamics of Turning Flocks},
  author = {Yang, Xingbo and Marchetti, M. Cristina},
  journal = {Phys. Rev. Lett.},
  volume = {115},
  issue = {25},
  pages = {258101},
  numpages = {5},
  year = {2015},
  month = {Dec},
  publisher = {American Physical Society},
  doi = {10.1103/PhysRevLett.115.258101}
}
@article{Baskaran2008,
  title = {Enhanced Diffusion and Ordering of Self-Propelled Rods},
  author = {Baskaran, Aparna and Marchetti, M. Cristina},
  journal = {Phys. Rev. Lett.},
  volume = {101},
  issue = {26},
  pages = {268101},
  numpages = {4},
  year = {2008},
  month = {Dec},
  publisher = {American Physical Society},
  doi = {10.1103/PhysRevLett.101.268101}
}
@article{Leiming2015,
  author={Leiming Chen and John Toner and Chiu Fan Lee},
  title={Critical phenomenon of the order–disorder transition in incompressible active fluids},
  journal={New J. Phys.},
  volume={17},
  number={4},
  pages={042002},
  doi={10.1088/1367-2630/17/4/042002},
  year={2015}
}
@article{Thuroff2014,
  title = {Numerical Treatment of the Boltzmann Equation for Self-Propelled Particle Systems},
  author = {Th{\"u}roff, Florian and Weber, Christoph A. and Frey, Erwin},
  journal = {Phys. Rev. X},
  volume = {4},
  issue = {4},
  pages = {041030},
  numpages = {23},
  year = {2014},
  month = {Nov},
  publisher = {American Physical Society},
  doi = {10.1103/PhysRevX.4.041030}
}
@article{Grossmann2013,
  author={Gro{\ss}mann, Robert and Schimansky-Geier, Lutz and Romanczuk, Pawel},
  title={Self-propelled particles with selective attraction–repulsion interaction: from microscopic dynamics to coarse-grained theories},
  journal={New J. Phys.},
  volume={15},
  number={8},
  pages={085014},
  doi={10.1088/1367-2630/15/8/085014},
  year={2013}
}
@article{Grossmann2012,
  author={Gro{\ss}mann, Robert and Schimansky-Geier, Lutz and Romanczuk, Pawel},
  title={Active Brownian particles with velocity-alignment and active fluctuations},
  journal={New J. Phys.},
  volume={14},
  number={7},
  pages={073033},
  doi={10.1088/1367-2630/14/7/073033},
  year={2012}
}
@article{peruani2008mean,
  title={A mean-field theory for self-propelled particles interacting by velocity alignment mechanisms},
  author={Peruani, Fernando and Deutsch, Andreas and B{\"a}r, Markus},
  journal={EPJ ST},
  volume={157},
  number={1},
  pages={111--122},
  year={2008},
  doi={10.1140/epjst/e2008-00634-x},
  publisher={Springer}
}
@article{aldana2007phase,
  title={Phase transitions in systems of self-propelled agents and related network models},
  author={Aldana, Maximino and Dossetti, Victor and Huepe, Christian and Kenkre, VM and Larralde, Hern{\'a}n},
  journal={Phys. Rev. Lett.},
  volume={98},
  number={9},
  pages={095702},
  year={2007},
  doi={10.1103/PhysRevLett.98.095702},
  publisher={APS}
}
@article{aldana2009emergence,
  title={On the emergence of collective order in swarming systems: a recent debate},
  author={Aldana, M and Larralde, H and V{\'a}zquez, B},
  journal={IJMPB},
  volume={23},
  number={18},
  pages={3661--3685},
  year={2009},
  doi={10.1142/S0217979209053552},
  publisher={World Scientific}
}
@article{nagy2007,
  title={New aspects of the continuous phase transition in the scalar noise model (SNM) of collective motion},
  author={Nagy, M{\'a}t{\'e} and Daruka, Istv{\'a}n and Vicsek, Tam{\'a}s},
  journal={Physica A},
  volume={373},
  pages={445--454},
  year={2007},
  doi={10.1016/j.physa.2006.05.035},
  publisher={Elsevier}
}
@article{allaei2016,
  title = {Vortex with fourfold defect lines in a simple model of self-propelled particles},
  author = {Seyed-Allaei, Hamid and Ejtehadi, Mohammad Reza},
  journal = {Phys. Rev. E},
  volume = {93},
  issue = {3},
  pages = {032113},
  numpages = {14},
  year = {2016},
  month = {Mar},
  publisher = {American Physical Society},
  doi = {10.1103/PhysRevE.93.032113}
}
@article{Bertin2015,
  title = {Comparison between Smoluchowski and Boltzmann approaches for self-propelled rods},
  author = {Bertin, Eric and Baskaran, Aparna and Chat\'{e}, Hugues and Marchetti, M. Cristina},
  journal = {Phys. Rev. E},
  volume = {92},
  issue = {4},
  pages = {042141},
  numpages = {10},
  year = {2015},
  month = {Oct},
  publisher = {American Physical Society},
  doi = {10.1103/PhysRevE.92.042141}
}
@article{solon2013,
  title = {Revisiting the Flocking Transition Using Active Spins},
  author = {Solon, A. P. and Tailleur, J.},
  journal = {Phys. Rev. Lett.},
  volume = {111},
  issue = {7},
  pages = {078101},
  numpages = {5},
  year = {2013},
  month = {Aug},
  publisher = {American Physical Society},
  doi = {10.1103/PhysRevLett.111.078101}
}
@article{solon2015from,
  title = {From Phase to Microphase Separation in Flocking Models: The Essential Role of Nonequilibrium Fluctuations},
  author = {Solon, Alexandre P. and Chat\'{e}, Hugues and Tailleur, Julien},
  journal = {Phys. Rev. Lett.},
  volume = {114},
  issue = {6},
  pages = {068101},
  numpages = {5},
  year = {2015},
  month = {Feb},
  publisher = {American Physical Society},
  doi = {10.1103/PhysRevLett.114.068101}
}

@article{cates2014,
  title={Motility-induced phase separation},
  author={Cates, Michael E and Tailleur, Julien},
  archivePrefix = {arXiv},
  eprints = {1406.3533},
  primaryClass = {cond-mat.soft},
  journal={arXiv},
  year={2014}
}
@article{solon2015flocking,
  title = {Flocking with discrete symmetry: The two-dimensional active Ising model},
  author = {Solon, A. P. and Tailleur, J.},
  journal = {Phys. Rev. E},
  volume = {92},
  issue = {4},
  pages = {042119},
  numpages = {18},
  year = {2015},
  month = {Oct},
  publisher = {American Physical Society},
  doi = {10.1103/PhysRevE.92.042119}
}
@article{ginelli2015,
  title={Intermittent collective dynamics emerge from conflicting imperatives in sheep herds},
  author={Ginelli, Francesco and Peruani, Fernando and Pillot, Marie-Hel{\`e}ne and Chat{\'e}, Hugues and Theraulaz, Guy and Bon, Richard},
  journal={PNAS},
  volume={112},
  number={41},
  pages={12729--12734},
  year={2015},
  doi={10.1073/pnas.1503749112},
  publisher={National Acad Sciences}
}
@article{toulet2015,
  title={Imitation Combined with a Characteristic Stimulus Duration Results in Robust Collective Decision-Making},
  author={Toulet, Sylvain and Gautrais, Jacques and Bon, Richard and Peruani, Fernando},
  journal={PloS one},
  volume={10},
  number={10},
  pages={e0140188},
  year={2015},
  doi={10.1371/journal.pone.0140188},
  publisher={Public Library of Science}
}
@article{weitz2015,
  title={Self-propelled rods exhibit a phase-separated state characterized by the presence of active stresses and the ejection of polar clusters},
  author={Weitz, Sebastian and Deutsch, Andreas and Peruani, Fernando},
  journal={Phys. Rev. E},
  volume={92},
  number={1},
  pages={012322},
  year={2015},
  doi={10.1103/PhysRevE.92.012322},
  publisher={APS}
}
@article{peruani2011traffic,
  title={Traffic jams, gliders, and bands in the quest for collective motion of self-propelled particles},
  author={Peruani, Fernando and Klauss, Tobias and Deutsch, Andreas and Voss-Boehme, Anja},
  journal={Phys. Rev. Lett.},
  volume={106},
  number={12},
  pages={128101},
  year={2011},
  doi={10.1103/PhysRevLett.106.128101},
  publisher={APS}
}
@article{Sonnenschein2015,
  title = {Collective dynamics in two populations of noisy oscillators with asymmetric interactions},
  author = {Sonnenschein, Bernard and Peron, Thomas K. DM. and Rodrigues, Francisco A. and Kurths, J\"urgen and Schimansky-Geier, Lutz},
  journal = {Phys. Rev. E},
  volume = {91},
  issue = {6},
  pages = {062910},
  numpages = {7},
  year = {2015},
  month = {Jun},
  publisher = {American Physical Society},
  doi = {10.1103/PhysRevE.91.062910},
}
@article{sonnenschein2014cooperative,
  title={Cooperative behavior between oscillatory and excitable units: the peculiar role of positive coupling-frequency correlations},
  author={Sonnenschein, Bernard and Peron, Thomas K DM and Rodrigues, Francisco A and Kurths, J{\"u}rgen and Schimansky-Geier, Lutz},
  journal={EPJ B},
  volume={87},
  number={182},
  pages={1--11},
  month={Aug},
  year={2014},
  doi={10.1140/epjb/e2014-50274-2},
  publisher={Springer}
}
@article{chepizhko2013,
  title = {Diffusion, Subdiffusion, and Trapping of Active Particles in Heterogeneous Media},
  author = {Chepizhko, Oleksandr and Peruani, Fernando},
  journal = {Phys. Rev. Lett.},
  volume = {111},
  issue = {16},
  pages = {160604},
  numpages = {5},
  year = {2013},
  month = {Oct},
  publisher = {American Physical Society},
  doi = {10.1103/PhysRevLett.111.160604}
}

@article{Morin2015,
  title = {Collective motion with anticipation: Flocking, spinning, and swarming},
  author = {Morin, Alexandre and Caussin, Jean-Baptiste and Eloy, Christophe and Bartolo, Denis},
  journal = {Phys. Rev. E},
  volume = {91},
  issue = {1},
  pages = {012134},
  numpages = {5},
  year = {2015},
  month = {Jan},
  publisher = {American Physical Society},
  doi = {10.1103/PhysRevE.91.012134}
}
@article{itino2011collective,
  title={Collective dynamics of deformable self-propelled particles with repulsive interaction},
  author={Itino, Yu and Ohkuma, Takahiro and Ohta, Takao},
  journal={JPSJ},
  volume={80},
  number={3},
  pages={033001},
  year={2011},
  doi={10.1143/JPSJ.80.033001},
  publisher={The Physical Society of Japan}
}
@article{romanczuk2012swarming,
  title={Swarming and pattern formation due to selective attraction and repulsion},
  author={Romanczuk, Pawel and Schimansky-Geier, Lutz},
  journal={Interface focus},
  volume={2},
  number={6},
  pages={746--756},
  year={2012},
  doi={10.1098/rsfs.2012.0030},
  publisher={Royal Society}
}
@article{Shinomoto1986phase,
author = {Shinomoto, Shigeru and Kuramoto, Yoshiki},
title = {Phase Transitions in Active Rotator Systems},
volume = {75},
number = {5},
pages = {1105-1110},
year = {1986},
doi = {10.1143/PTP.75.1105},
journal = {PTP}
}
@article{Sakaguchi1988phase,
author = {Sakaguchi, Hidetsugu and Shinomoto, Shigeru and Kuramoto, Yoshiki}, 
title = {Phase Transitions and Their Bifurcation Analysis in a Large Population of Active Rotators with Mean-Field Coupling},
volume = {79}, 
number = {3}, 
pages = {600-607}, 
year = {1988}, 
doi = {10.1143/PTP.79.600}, 
journal = {PTP} 
}
@article{solon2015pattern,
  title = {Pattern formation in flocking models: A hydrodynamic description},
  author = {Solon, Alexandre P. and Caussin, Jean-Baptiste and Bartolo, Denis and Chat\'{e}, Hugues and Tailleur, Julien},
  journal = {Phys. Rev. E},
  volume = {92},
  issue = {6},
  pages = {062111},
  numpages = {18},
  year = {2015},
  month = {Dec},
  publisher = {American Physical Society},
  doi = {10.1103/PhysRevE.92.062111}
}

@article{thuroff2014numerical,
  title = {Numerical Treatment of the Boltzmann Equation for Self-Propelled Particle Systems},
  author = {Th{\"u}roff, Florian and Weber, Christoph A. and Frey, Erwin},
  journal = {Phys. Rev. X},
  volume = {4},
  issue = {4},
  pages = {041030},
  numpages = {23},
  year = {2014},
  month = {Nov},
  doi = {10.1103/PhysRevX.4.041030},
  publisher = {American Physical Society}
}

@article{thuroff2013critical,
  title = {Critical Assessment of the Boltzmann Approach to Active Systems},
  author = {Th{\"u}roff, Florian and Weber, Christoph A. and Frey, Erwin},
  journal = {Phys. Rev. Lett.},
  volume = {111},
  issue = {19},
  pages = {190601},
  numpages = {5},
  year = {2013},
  month = {Nov},
  publisher = {American Physical Society},
  doi = {10.1103/PhysRevLett.111.190601}
}

@article {Battle2016broken,
	author = {Battle, Christopher and Broedersz, Chase P. and Fakhri, Nikta and Geyer, Veikko F. and Howard, Jonathon and Schmidt, Christoph F. and MacKintosh, Fred C.},
	title = {Broken detailed balance at mesoscopic scales in active biological systems},
	volume = {352},
	number = {6285},
	pages = {604--607},
	year = {2016},
	doi = {10.1126/science.aac8167},
	publisher = {American Association for the Advancement of Science},
	issn = {0036-8075},
	journal = {Science}
}

@article{denk2016active,
  title = {Active Curved Polymers Form Vortex Patterns on Membranes},
  author = {Denk, Jonas and Huber, Lorenz and Reithmann, Emanuel and Frey, Erwin},
  journal = {Phys. Rev. Lett.},
  volume = {116},
  issue = {17},
  pages = {178301},
  numpages = {6},
  year = {2016},
  month = {Apr},
  publisher = {American Physical Society},
  doi = {10.1103/PhysRevLett.116.178301}
}

@article{nagia2015collective,
  title = {Collective Motion of Self-Propelled Particles with Memory},
  author = {Nagai, Ken H. and Sumino, Yutaka and Montagne, Raul and Aranson, Igor S. and Chat\'{e}, Hugues},
  journal = {Phys. Rev. Lett.},
  volume = {114},
  issue = {16},
  pages = {168001},
  numpages = {6},
  year = {2015},
  month = {Apr},
  publisher = {American Physical Society},
  doi = {10.1103/PhysRevLett.114.168001}
}

@article{Segerer2015emergence,
  title = {Emergence and Persistence of Collective Cell Migration on Small Circular Micropatterns},
  author = {Segerer, Felix J. and Th{\"u}roff, Florian and Piera Alberola, Alicia and Frey, Erwin and R{\"a}dler, Joachim O.},
  journal = {Phys. Rev. Lett.},
  volume = {114},
  issue = {22},
  pages = {228102},
  numpages = {5},
  year = {2015},
  month = {Jun},
  publisher = {American Physical Society},
  doi = {10.1103/PhysRevLett.114.228102}
}

@Article{Chepizhko2015active,
author="Chepizhko, O. and Peruani, F.",
title="Active particles in heterogeneous media display new physics",
journal="EPJ ST",
year="2015",
volume="224",
number="7",
pages="1287--1302",
issn="1951-6401",
doi="10.1140/epjst/e2015-02460-5"
}

@article{Grossmann2016superdiffusion,
  title = {Superdiffusion, large-scale synchronization, and topological defects},
  author = {Gro{\ss}mann, Robert and Peruani, Fernando and B{\"a}r, Markus},
  journal = {Phys. Rev. E},
  volume = {93},
  issue = {4},
  pages = {040102},
  numpages = {6},
  year = {2016},
  month = {Apr},
  publisher = {American Physical Society},
  doi = {10.1103/PhysRevE.93.040102}
}

@article{Peruani2011polar,
  author={Peruani, Fernando and Ginelli, Francesco and B{\"a}r, Markus and Chat\'{e}, Hugues},
  title={Polar vs. apolar alignment in systems of polar self-propelled particles},
  journal={JPCS},
  volume={297},
  number={1},
  pages={012014},
  doi={10.1088/1742-6596/297/1/012014},
  year={2011}
}

@article{Bratanov2015new,
author = {Bratanov, Vasil and Jenko, Frank and Frey, Erwin}, 
title = {New class of turbulence in active fluids},
volume = {112}, 
number = {49}, 
pages = {15048-15053}, 
year = {2015}, 
doi = {10.1073/pnas.1509304112}, 
journal = {PNAS} 
}

@article{Weber2014defect,
  title = {Defect-Mediated Phase Transitions in Active Soft Matter},
  author = {Weber, Christoph A. and Bock, Christopher and Frey, Erwin},
  journal = {Phys. Rev. Lett.},
  volume = {112},
  issue = {16},
  pages = {168301},
  numpages = {5},
  year = {2014},
  month = {Apr},
  publisher = {American Physical Society},
  doi = {10.1103/PhysRevLett.112.168301}
}

@article{Weber2015random,
author = {Weber, Christoph A. and Suzuki, Ryo and Schaller, Volker and Aranson, Igor S. and Bausch, Andreas R. and Frey, Erwin}, 
title = {Random bursts determine dynamics of active filaments},
volume = {112}, 
number = {34}, 
pages = {10703-10707}, 
year = {2015}, 
doi = {10.1073/pnas.1421322112},
journal = {PNAS} 
}

@article{Chou2012kinetic,
  title = {Kinetic theory for systems of self-propelled particles with metric-free interactions},
  author = {Chou, Yen-Liang and Wolfe, Rylan and Ihle, Thomas},
  journal = {Phys. Rev. E},
  volume = {86},
  issue = {2},
  pages = {021120},
  numpages = {20},
  year = {2012},
  month = {Aug},
  publisher = {American Physical Society},
  doi = {10.1103/PhysRevE.86.021120}
}

@article{Ihle2013invasion,
  title = {Invasion-wave-induced first-order phase transition in systems of active particles},
  author = {Ihle, Thomas},
  journal = {Phys. Rev. E},
  volume = {88},
  issue = {4},
  pages = {040303},
  numpages = {5},
  year = {2013},
  month = {Oct},
  publisher = {American Physical Society},
  doi = {10.1103/PhysRevE.88.040303}
}

@Article{Ihle2014toward,
author="Ihle, T.",
title="Towards a quantitative kinetic theory of polar active matter",
journal="EPJ ST",
year="2014",
volume="223",
number="7",
pages="1293--1314",
issn="1951-6401",
doi="10.1140/epjst/e2014-02192-0"
}

@Article{Ihle2015large,
author="Ihle, T.",
title="Large density expansion of a hydrodynamic theory for self-propelled particles",
journal="EPJ ST",
year="2015",
volume="224",
number="7",
pages="1303--1324",
issn="1951-6401",
doi="10.1140/epjst/e2015-02461-4"
}

@article {Lopez2012from,
	author = {Lopez, Ugo and Gautrais, Jacques and Couzin, Iain D. and Theraulaz, Guy},
	title = {From behavioural analyses to models of collective motion in fish schools},
	year = {2012},
	doi = {10.1098/rsfs.2012.0033},
	publisher = {Royal Society},
	issn = {2042-8898},
	journal = {Interface Focus}
}

@article{kumar2014flocking,
  title={Flocking at a distance in active granular matter},
  author={Kumar, Nitin and Soni, Harsh and Ramaswamy, Sriram and Sood, AK},
  journal={Nat. Commun.},
  volume={5},
  number={4688},
  year={2014},
  doi={10.1038/ncomms5688},
  publisher={Nature Publishing Group}
}

@article{Menzel2013unidirectional,
  author={A M Menzel},
  title={Unidirectional laning and migrating cluster crystals in confined self-propelled particle systems},
  journal={J. Phys. Condens. Matter},
  volume={25},
  number={50},
  pages={505103},
  url={http://stacks.iop.org/0953-8984/25/i=50/a=505103},
  year={2013},
  doi={10.1088/0953-8984/25/50/505103}
}

@article{Menzel2016on,
  author={Andreas M Menzel},
  title={On the way of classifying new states of active matter},
  journal={New J. Phys.},
  volume={18},
  number={7},
  pages={071001},
  url={http://stacks.iop.org/1367-2630/18/i=7/a=071001},
  year={2016},
  doi={10.1088/1367-2630/18/6/063015}
}

@article{Romanczuk2016emergent,
  author={Pawel Romanczuk and Hugues Chaté and Leiming Chen and Sandrine Ngo and John Toner},
  title={Emergent smectic order in simple active particle models},
  journal={New J. Phys.},
  volume={18},
  number={6},
  pages={063015},
  url={http://stacks.iop.org/1367-2630/18/i=6/a=063015},
  year={2016},
  doi={10.1088/1367-2630/18/6/063015}
}

@article{Jendrejack2002stochastic,
   author = "Jendrejack, Richard M. and de Pablo, Juan J. and Graham, Michael D.",
   title = "Stochastic simulations of DNA in flow: Dynamics and the effects of hydrodynamic interactions",
   journal = "J. Chem. Phys",
   year = "2002",
   volume = "116",
   number = "17", 
   pages = "7752-7759",
   url = "http://scitation.aip.org/content/aip/journal/jcp/116/17/10.1063/1.1466831",
   doi = "http://dx.doi.org/10.1063/1.1466831" 
}

@article{Hernandez-Ortiz2005transport,
  title = {Transport and Collective Dynamics in Suspensions of Confined Swimming Particles},
  author = {Hernandez-Ortiz, Juan P. and Stoltz, Christopher G. and Graham, Michael D.},
  journal = {Phys. Rev. Lett.},
  volume = {95},
  issue = {20},
  pages = {204501},
  numpages = {4},
  year = {2005},
  month = {Nov},
  publisher = {American Physical Society},
  doi = {10.1103/PhysRevLett.95.204501},
  url = {http://link.aps.org/doi/10.1103/PhysRevLett.95.204501}
}

@article{Underhill2008diffusion,
  title = {Diffusion and Spatial Correlations in Suspensions of Swimming Particles},
  author = {Underhill, Patrick T. and Hernandez-Ortiz, Juan P. and Graham, Michael D.},
  journal = {Phys. Rev. Lett.},
  volume = {100},
  issue = {24},
  pages = {248101},
  numpages = {4},
  year = {2008},
  month = {Jun},
  publisher = {American Physical Society},
  doi = {10.1103/PhysRevLett.100.248101},
  url = {http://link.aps.org/doi/10.1103/PhysRevLett.100.248101}
}

@article{Saintillan2008ainstabilities,
  title = {Instabilities and Pattern Formation in Active Particle Suspensions: Kinetic Theory and Continuum Simulations},
  author = {Saintillan, David and Shelley, Michael J.},
  journal = {Phys. Rev. Lett.},
  volume = {100},
  issue = {17},
  pages = {178103},
  numpages = {4},
  year = {2008},
  month = {Apr},
  publisher = {American Physical Society},
  doi = {10.1103/PhysRevLett.100.178103},
  url = {http://link.aps.org/doi/10.1103/PhysRevLett.100.178103}
}

@article{Saintillan2008binstabilities,
   author = "Saintillan, David and Shelley, Michael J.",
   title = "Instabilities, pattern formation, and mixing in active suspensions",
   journal = "Phys. Fluids",
   year = "2008",
   volume = "20",
   number = "12", 
   eid = 123304,
   doi = "http://dx.doi.org/10.1063/1.3041776" 
}

@article {Saintillan2011emergence,
	author = {Saintillan, David and Shelley, Michael J.},
	title = {Emergence of coherent structures and large-scale flows in motile suspensions},
	year = {2011},
	doi = {10.1098/rsif.2011.0355},
	publisher = {The Royal Society},
	issn = {1742-5689},
	journal = {J. R. Soc. Interface}
}

@article{Attanasi2014information,
  title={Information transfer and behavioural inertia in starling flocks},
  author={Attanasi, Alessandro and Cavagna, Andrea and Del Castello, Lorenzo and Giardina, Irene and Grigera, Tomas S and Jeli{\'c}, Asja and Melillo, Stefania and Parisi, Leonardo and Pohl, Oliver and Shen, Edward and others},
  journal={Nature Phys.},
  volume={10},
  number={9},
  pages={691--696},
  year={2014},
  doi={10.1038/nphys3035},
  publisher={Nature Publishing Group}
}

@article{Cavagna2015silent,
  title = {Silent Flocks: Constraints on Signal Propagation Across Biological Groups},
  author = {Cavagna, Andrea and Giardina, Irene and Grigera, Tomas S. and Jelic, Asja and Levine, Dov and Ramaswamy, Sriram and Viale, Massimiliano},
  journal = {Phys. Rev. Lett.},
  volume = {114},
  issue = {21},
  pages = {218101},
  numpages = {5},
  year = {2015},
  month = {May},
  publisher = {APS},
  doi = {10.1103/PhysRevLett.114.218101},
}

@Article{Cavagna2015flocking,
author="Cavagna, Andrea and Del Castello, Lorenzo and Giardina, Irene and Grigera, Tomas and Jelic, Asja and Melillo, Stefania and Mora, Thierry and Parisi, Leonardo and Silvestri, Edmondo and Viale, Massimiliano and Walczak, Aleksandra M.",
title="Flocking and Turning: a New Model for Self-organized Collective Motion",
journal="J. Stat. Phys.",
year="2015",
volume="158",
number="3",
pages="601--627",
issn="1572-9613",
doi="10.1007/s10955-014-1119-3",
url="http://dx.doi.org/10.1007/s10955-014-1119-3"
}

@article{Chen2013universality,
  title = {Universality for Moving Stripes: A Hydrodynamic Theory of Polar Active Smectics},
  author = {Chen, Leiming and Toner, John},
  journal = {Phys. Rev. Lett.},
  volume = {111},
  issue = {8},
  pages = {088701},
  numpages = {5},
  year = {2013},
  month = {Aug},
  publisher = {American Physical Society},
  doi = {10.1103/PhysRevLett.111.088701},
  url = {http://link.aps.org/doi/10.1103/PhysRevLett.111.088701}
}

@article{Adhyapak2013live,
  title = {Live Soap: Stability, Order, and Fluctuations in Apolar Active Smectics},
  author = {Adhyapak, Tapan Chandra and Ramaswamy, Sriram and Toner, John},
  journal = {Phys. Rev. Lett.},
  volume = {110},
  issue = {11},
  pages = {118102},
  numpages = {5},
  year = {2013},
  month = {Mar},
  publisher = {American Physical Society},
  doi = {10.1103/PhysRevLett.110.118102},
  url = {http://link.aps.org/doi/10.1103/PhysRevLett.110.118102}
}

@article{Dombrowski2004self,
  title = {Self-Concentration and Large-Scale Coherence in Bacterial Dynamics},
  author = {Dombrowski, Christopher and Cisneros, Luis and Chatkaew, Sunita and Goldstein, Raymond E. and Kessler, John O.},
  journal = {Phys. Rev. Lett.},
  volume = {93},
  issue = {9},
  pages = {098103},
  numpages = {4},
  year = {2004},
  month = {Aug},
  publisher = {American Physical Society},
  doi = {10.1103/PhysRevLett.93.098103},
  url = {http://link.aps.org/doi/10.1103/PhysRevLett.93.098103}
}

@article{Sokolov2007concentration,
  title = {Concentration Dependence of the Collective Dynamics of Swimming Bacteria},
  author = {Sokolov, Andrey and Aranson, Igor S. and Kessler, John O. and Goldstein, Raymond E.},
  journal = {Phys. Rev. Lett.},
  volume = {98},
  issue = {15},
  pages = {158102},
  numpages = {4},
  year = {2007},
  month = {Apr},
  publisher = {American Physical Society},
  doi = {10.1103/PhysRevLett.98.158102},
  url = {http://link.aps.org/doi/10.1103/PhysRevLett.98.158102}
}

@article{Ginot2015nonequilibrium,
  title = {Nonequilibrium Equation of State in Suspensions of Active Colloids},
  author = {Ginot, F\'elix and Theurkauff, Isaac and Levis, Demian and Ybert, Christophe and Bocquet, Lyd\'eric and Berthier, Ludovic and Cottin-Bizonne, C\'ecile},
  journal = {Phys. Rev. X},
  volume = {5},
  issue = {1},
  pages = {011004},
  numpages = {8},
  year = {2015},
  month = {Jan},
  publisher = {American Physical Society},
  doi = {10.1103/PhysRevX.5.011004},
  url = {http://link.aps.org/doi/10.1103/PhysRevX.5.011004}
}

@article{Hagan2016emergent,
  title={Emergent self-organization in active materials},
  author={Hagan, Michael F and Baskaran, Aparna},
  journal={Current opinion in cell biology},
  volume={38},
  pages={74--80},
  year={2016},
  publisher={Elsevier},
  issn = {0955-0674},
  doi = {10.1016/j.ceb.2016.02.020},
}

@article{Redner2013reentrant,
  title = {Reentrant phase behavior in active colloids with attraction},
  author = {Redner, Gabriel S. and Baskaran, Aparna and Hagan, Michael F.},
  journal = {Phys. Rev. E},
  volume = {88},
  issue = {1},
  pages = {012305},
  numpages = {5},
  year = {2013},
  month = {Jul},
  publisher = {American Physical Society},
  doi = {10.1103/PhysRevE.88.012305},
  url = {http://link.aps.org/doi/10.1103/PhysRevE.88.012305}
}

@article{Redner2013structure,
  title = {Structure and Dynamics of a Phase-Separating Active Colloidal Fluid},
  author = {Redner, Gabriel S. and Hagan, Michael F. and Baskaran, Aparna},
  journal = {Phys. Rev. Lett.},
  volume = {110},
  issue = {5},
  pages = {055701},
  numpages = {5},
  year = {2013},
  month = {Jan},
  publisher = {American Physical Society},
  doi = {10.1103/PhysRevLett.110.055701},
  url = {http://link.aps.org/doi/10.1103/PhysRevLett.110.055701}
}

@article{Fily2015dynamics,
  title = {Dynamics and density distribution of strongly confined noninteracting nonaligning self-propelled particles in a nonconvex boundary},
  author = {Fily, Yaouen and Baskaran, Aparna and Hagan, Michael F.},
  journal = {Phys. Rev. E},
  volume = {91},
  issue = {1},
  pages = {012125},
  numpages = {11},
  year = {2015},
  month = {Jan},
  publisher = {American Physical Society},
  doi = {10.1103/PhysRevE.91.012125},
  url = {http://link.aps.org/doi/10.1103/PhysRevE.91.012125}
}

