@FOOTNOTE{Note1,key="Note1",note="We use the notion hydrodynamic equations for a reduced description of the system of self-propelled particles by means of the particle and the momentum flux densities or the polarization which depend of space and time."}
@FOOTNOTE{Note2,key="Note2",note="Eq.~(14) of the Ref.~\cite {allaei2016}"}
@FOOTNOTE{Note3,key="Note3",note="See Supplemental Material at [URL will be inserted by publisher] for movies of numeric integration of the GA continuum equations."}
@CONTROL{REVTEX41Control}
@CONTROL{apsrev41Control,author="08",editor="1",pages="0",title="",year="1"}
